@article{DeepMind-ATARI-2013,
  author    = {Volodymyr Mnih and
               Koray Kavukcuoglu and
               David Silver and
               Alex Graves and
               Ioannis Antonoglou and
               Daan Wierstra and
               Martin A. Riedmiller},
  title     = {Playing Atari with Deep Reinforcement Learning},
  journal   = {CoRR},
  volume    = {abs/1312.5602},
  year      = {2013},
  url       = {http://arxiv.org/abs/1312.5602},
  timestamp = {Wed, 01 Apr 2015 20:06:15 +0200},
  biburl    = {http://dblp.uni-trier.de/rec/bib/journals/corr/MnihKSGAWR13},
  bibsource = {dblp computer science bibliography, http://dblp.org}
}

@ARTICLE{Deep-Car-2017,
   author = {{El Sallab}, A. and {Abdou}, M. and {Perot}, E. and {Yogamani}, S.
  },
    title = "{Deep Reinforcement Learning framework for Autonomous Driving}",
  journal = {ArXiv e-prints},
archivePrefix = "arXiv",
   eprint = {1704.02532},
 primaryClass = "stat.ML",
 keywords = {Statistics - Machine Learning, Computer Science - Learning, Computer Science - Robotics},
     year = 2017,
    month = apr,
   adsurl = {http://adsabs.harvard.edu/abs/2017arXiv170402532E},
  adsnote = {Provided by the SAO/NASA Astrophysics Data System}
}

@book{RL-Book:Sutton:1998,
 author = {Sutton, Richard S. and Barto, Andrew G.},
 title = {Introduction to Reinforcement Learning},
 year = {1998},
 isbn = {0262193981},
 edition = {1st},
 publisher = {MIT Press},
 address = {Cambridge, MA, USA},
} 

@article{HRL-BOTVINICK:2009,
title = "Hierarchically organized behavior and its neural foundations: A reinforcement learning perspective",
journal = "Cognition",
volume = "113",
number = "3",
pages = "262 - 280",
year = "2009",
issn = "0010-0277",
doi = "https://doi.org/10.1016/j.cognition.2008.08.011",
url = "http://www.sciencedirect.com/science/article/pii/S0010027708002059",
author = "Matthew M. Botvinick and Yael Niv and Andrew C. Barto",
keywords = "Reinforcement learning, Prefrontal cortex"
}

@article{temporal-abstraction-Sutton:1999,
title = "Between MDPs and semi-MDPs: A framework for temporal abstraction in reinforcement learning",
journal = "Artificial Intelligence",
volume = "112",
number = "1",
pages = "181 - 211",
year = "1999",
issn = "0004-3702",
doi = "https://doi.org/10.1016/S0004-3702(99)00052-1",
url = "http://www.sciencedirect.com/science/article/pii/S0004370299000521",
author = "Richard S. Sutton and Doina Precup and Satinder Singh",
keywords = "Temporal abstraction, Reinforcement learning, Markov decision processes, Options, Macros, Macroactions, Subgoals, Intra-option learning, Hierarchical planning, Semi-Markov decision processes"
}

@Article{ALE:Bellemare:2013,
  author = {{Bellemare}, M.~G. and {Naddaf}, Y. and {Veness}, J. and {Bowling}, M.},
  title = {The Arcade Learning Environment: An Evaluation Platform for General Agents},
  journal = {Journal of Artificial Intelligence Research},
  year = "2013",
  month = "jun",
  volume = "47",
  pages = "253--279",
}

@article{FeUdal:HRL:Sahsa:2017,
  author    = {Alexander Sasha Vezhnevets and
               Simon Osindero and
               Tom Schaul and
               Nicolas Heess and
               Max Jaderberg and
               David Silver and
               Koray Kavukcuoglu},
  title     = {FeUdal Networks for Hierarchical Reinforcement Learning},
  journal   = {CoRR},
  volume    = {abs/1703.01161},
  year      = {2017},
  url       = {http://arxiv.org/abs/1703.01161},
  archivePrefix = {arXiv},
  eprint    = {1703.01161},
  timestamp = {Wed, 07 Jun 2017 14:40:25 +0200},
  biburl    = {http://dblp.org/rec/bib/journals/corr/VezhnevetsOSHJS17},
  bibsource = {dblp computer science bibliography, http://dblp.org}
}

@article{HRL:MIT:Kulkarni:2016,
  author    = {Tejas D. Kulkarni and
               Karthik Narasimhan and
               Ardavan Saeedi and
               Joshua B. Tenenbaum},
  title     = {Hierarchical Deep Reinforcement Learning: Integrating Temporal Abstraction
               and Intrinsic Motivation},
  journal   = {CoRR},
  volume    = {abs/1604.06057},
  year      = {2016},
  url       = {http://arxiv.org/abs/1604.06057},
  archivePrefix = {arXiv},
  eprint    = {1604.06057},
  timestamp = {Wed, 07 Jun 2017 14:42:58 +0200},
  biburl    = {http://dblp.org/rec/bib/journals/corr/KulkarniNST16},
  bibsource = {dblp computer science bibliography, http://dblp.org}
}

@article{CARLA:2017,
  author    = {Alexey Dosovitskiy and
               Germ{\'{a}}n Ros and
               Felipe Codevilla and
               Antonio L{\'{o}}pez and
               Vladlen Koltun},
  title     = {{CARLA:} An Open Urban Driving Simulator},
  journal   = {CoRR},
  volume    = {abs/1711.03938},
  year      = {2017},
  url       = {http://arxiv.org/abs/1711.03938},
  archivePrefix = {arXiv},
  eprint    = {1711.03938},
  timestamp = {Fri, 01 Dec 2017 14:22:24 +0100},
  biburl    = {http://dblp.org/rec/bib/journals/corr/abs-1711-03938},
  bibsource = {dblp computer science bibliography, http://dblp.org}
}

@article{ROBOT-NAVIGATION-Intention-Net:2017,
  author    = {Wei Gao and
               David Hsu and
               Wee Sun Lee and
               Shengmei Shen and
               Karthikk Subramanian},
  title     = {Intention-Net: Integrating Planning and Deep Learning for Goal-Directed
               Autonomous Navigation},
  journal   = {CoRR},
  volume    = {abs/1710.05627},
  year      = {2017},
  url       = {http://arxiv.org/abs/1710.05627},
  archivePrefix = {arXiv},
  eprint    = {1710.05627},
  timestamp = {Wed, 01 Nov 2017 19:05:42 +0100},
  biburl    = {http://dblp.org/rec/bib/journals/corr/abs-1710-05627},
  bibsource = {dblp computer science bibliography, http://dblp.org}
}

@article{Deep-LOCO:Peng:2017,
 author = {Peng, Xue Bin and Berseth, Glen and Yin, Kangkang and Van De Panne, Michiel},
 title = {DeepLoco: Dynamic Locomotion Skills Using Hierarchical Deep Reinforcement Learning},
 journal = {ACM Trans. Graph.},
 issue_date = {July 2017},
 volume = {36},
 number = {4},
 month = jul,
 year = {2017},
 issn = {0730-0301},
 pages = {41:1--41:13},
 articleno = {41},
 numpages = {13},
 url = {http://doi.acm.org/10.1145/3072959.3073602},
 doi = {10.1145/3072959.3073602},
 acmid = {3073602},
 publisher = {ACM},
 address = {New York, NY, USA},
 keywords = {locomotion skills, motion control, physics-based character animation},
} 

@article{bipedal-creatures:Geijtenbeek:2013,
 author = {Geijtenbeek, Thomas and van de Panne, Michiel and van der Stappen, A. Frank},
 title = {Flexible Muscle-based Locomotion for Bipedal Creatures},
 journal = {ACM Trans. Graph.},
 issue_date = {November 2013},
 volume = {32},
 number = {6},
 month = nov,
 year = {2013},
 issn = {0730-0301},
 pages = {206:1--206:11},
 articleno = {206},
 numpages = {11},
 url = {http://doi.acm.org/10.1145/2508363.2508399},
 doi = {10.1145/2508363.2508399},
 acmid = {2508399},
 publisher = {ACM},
 address = {New York, NY, USA},
 keywords = {musculoskeletal simulation, physics-based animation},
} 

@article{PLOS:HRL:2014,
    author = {Solway, Alec AND Diuk, Carlos AND CÃ³rdova, Natalia AND Yee, Debbie AND Barto, Andrew G. AND Niv, Yael AND Botvinick, Matthew M.},
    journal = {PLOS Computational Biology},
    publisher = {Public Library of Science},
    title = {Optimal Behavioral Hierarchy},
    year = {2014},
    month = {08},
    volume = {10},
    url = {https://doi.org/10.1371/journal.pcbi.1003779},
    pages = {1-10},
    number = {8},
    doi = {10.1371/journal.pcbi.1003779}
}

@article{Autonomous:Silver:2010,
 author = {Silver, David and Bagnell, J. Andrew and Stentz, Anthony},
 title = {Learning from Demonstration for Autonomous Navigation in Complex Unstructured Terrain},
 journal = {Int. J. Rob. Res.},
 issue_date = {October   2010},
 volume = {29},
 number = {12},
 month = oct,
 year = {2010},
 issn = {0278-3649},
 pages = {1565--1592},
 numpages = {28},
 url = {http://dx.doi.org/10.1177/0278364910369715},
 doi = {10.1177/0278364910369715},
 acmid = {1868422},
 publisher = {Sage Publications, Inc.},
 address = {Thousand Oaks, CA, USA},
 keywords = {Field robotics, autonomous navigation, imitation learning, inverse reinforcement learning, learning from demonstration, mobile robotics},
}

@misc{TORCS,
author = "Bernhard Wymann, Eric Espi{\'e}, Christophe Guionneau, Christos Dimitrakakis, R{\'e}mi Coulom, Andrew Sumner",
howpublished = "http://www.torcs.org",
title = "{TORCS}, {T}he {O}pen {R}acing {C}ar {S}imulator",
year = "2014",
}